
@book{Sayama:2015:ComplexSystems,
	edition = {1st},
	title = {\textbf{Introduction to the Modeling and Analysis of Complex Systems}},
	isbn = {978-1-942341-09-3},
	url = {http://textbooks.opensuny.org/introduction-to-the-modeling-and-analysis-of-complex-systems/},
	language = {English},
	urldate = {2016-08-08},
	publisher = {Binghamton University, Suny},
	author = {{Hiroki Sayama}},
	year = {2015},
}

@thesis{Atman:2002:Sistemas:Complexos,
  author       = {{Allbens Atman Picardi Faria}},
  title        = {\textbf{Aspectos Fractais em Sistemas Complexos}},
  school       = {Universidade Federal de Minas Gerais},
  year         = 2002,
  month        = 10,
}

@book{2002:Wolfram:New:Science,
 title = {\textbf{A New Kind of Science}},
 year = {2002},
 isbn = {1-57955-008-8},
 publisher = {Wolfram Media Inc.},
 address = {Champaign, Ilinois, US, United States}
}
